=LDR  03615caa a22008177i 4500
=001  016293905
=003  Uk
=005  20230426111044.0
=006  m\\\\||\\d\|\\\\\\
=007  cr\|||||||||||
=008  130305s2012\\\\enk\\\\\o\\\\|1|0\0|eng\\
=FMT  \\$a  BK
=040  \\$aUk$beng$cUk$erda
=CNF  \\$aSociety for Glycobiology (Joint meeting)$d(2012 Nov :$cSan Diego, CA)
=245  00$aProgram and abstracts for the 2012 joint meeting of the Society for Glycobiology & American Society for Matrix Biology, November 11-14, 2012, San Diego, CA.
=264  \1$a[England] :$bOxford University Press,$c[2012]
=300  \\$a1 online resource (pages 1487-1661)
=336  \\$atext$2rdacontent
=337  \\$acomputer$2rdamedia
=338  \\$aonline resource$2rdacarrier
=490  0\$aGlycobiology -Oxford-,$x0959-6658 ,$vvol 22 issue 11 2012
=591  \\$aPreprinted abstracts and programme.
=595  \\$aESTAR title.
=540  \\$aCurrent Copyright Fee: GBP42.00$c29\0$5Uk
=653  1\$aGlycobiology
=653  1\$aMatrix biology
=710  2\$aSociety for Glycobiology.
=710  2\$aAmerican Society for Matrix Biology.
=773  0\$tGlycobiology$gv. 22, issue 11 (November 2012)
=856  \\$31850-9999$uhttp://ukcatalogue.oup.com/$xBLDSS
=852  41$aBritish Library$bHMNTS$jELD Digital store
=945  \\$aGlycobiology -Oxford-, ISSN 0959-6658 ; vol 22 issue 11 2012
=CAT  \\$a10934$b40$c20130305$lBLL01$h1403
=CAT  \\$aBLDSS-3PM$b00$c20141208$lBLL01$h1628
=CAT  \\$aIPL-CLA$c20141231$lBLL01$h1703
=CAT  \\$aBATCH-UPD$b00$c20151119$lBLL01$h1552
=CAT  \\$aIPL-CLA$c20151231$lBLL01$h1935
=CAT  \\$aBATCH-UPD$b00$c20160519$lBLL01$h1211
=CAT  \\$aBATCH-UPD$b00$c20160524$lBLL01$h2215
=CAT  \\$aW1607-1323$c20160726$lBLL01$h1340
=CAT  \\$aW1607-1323$c20160810$lBLL01$h1440
=CAT  \\$aBATCH-UPD$b00$c20161122$lBLL01$h1522
=CAT  \\$aIPL-CLA$c20161231$lBLL01$h0009
=CAT  \\$aBATCH-UPD$b00$c20171121$lBLL01$h1705
=CAT  \\$aIPL-CLA$c20171231$lBLL01$h1817
=CAT  \\$aBATCH-UPD$b00$c20181217$lBLL01$h1653
=CAT  \\$aBATCH-CLA$b00$c20181218$lBLL01$h0117
=CAT  \\$aBATCH-CLA$b00$c20181218$lBLL01$h0139
=CAT  \\$aIPL-CLA$c20181231$lBLL01$h1552
=CAT  \\$aBATCH-CLA$b00$c20191207$lBLL01$h0108
=CAT  \\$aIPL-CLA$c20191231$lBLL01$h2034
=CAT  \\$aBATCH-UPD$b00$c20220308$lBLL01$h1728
=CAT  \\$aIPL-CLA$c20220331$lBLL01$h1952
=CAT  \\$aBATCH-CLA$b00$c20230315$lBLL01$h0143
=CAT  \\$aBATCH-CLA$b00$c20230324$lBLL01$h0116
=CAT  \\$aIPL-CLA$c20230331$lBLL01$h1547
=CAT  \\$aS2304-0519$c20230412$lBLL01$h1140
=CAT  \\$aBATCH-SUPP$c20230426$lBLL01$h1110
=CFI  0\$aCurrent Copyright Fee: GBP42.00$c29\0$e01-apr-2023$fGBP42.00$g0$hP$5Uk
=CFI  2\$aPrevious copyright fee: GBP32.00$c29\0$e01-apr-2022$fGBP32.00$g0$hP$5Uk
=EST  \\$a1
=FFP  \\$aY$bBLDSS-3PM
=FIN  \\$aY$d20130305
=LKR  \\$aANA$b012433114$lBLL01$nGlycobiology$mProgram and abstracts for the 2012 joint meeting of the Society for Glycobiology & American Society for Matrix Biology, November 11-14, 2012, San Diego, CA$r773$y2012$v22$i11
=TCO  \\$aCLA$bCLA$c008
=UNO  \\$aY
=ACF  \\$aPrevious copyright fee: GBP20.00$c29\0$e01-jan-2013$fGBP20.00$g0$hP$5Uk
=ACF  \\$aPrevious copyright fee: GBP23.00$c29\0$e01-jan-2015$fGBP23.00$g0$hP$5Uk
=ACF  \\$aPrevious copyright fee: GBP24.00$c29\0$e01-jan-2016$fGBP24.00$g0$hP$5Uk
=ACF  \\$aPrevious copyright fee: GBP28.00$c29\0$e01-jan-2019$fGBP28.00$g0$hP$5Uk
=LAS  \\$aBATCH-SUPP$b00$c20230426$lBLL01$h1110

