=LDR  03373caa a22008057i 4500
=001  016493398
=003  Uk
=005  20230426111049.0
=006  m\\\\||\\d\|\\\\\\
=007  cr\|||||||||||
=008  130909s2013\\\\enk\\\\\o\\\\|1|0\0|eng\\
=FMT  \\$a  BK
=040  \\$aUk$beng$cUk$erda
=CNF  \\$aIntelligent systems for molecular biology (Annual meeting)$n(21st :$d2013 Jul :$cBerlin)
=245  00$aISMB/ECCB proceedings papers committee, July 21 to July 23, 2013, Berlin Germany.
=264  \1$a[Oxford] :$bOxford University Press,$c2013.
=300  \\$a1 online resource (pages i1-i371)
=336  \\$atext$2rdacontent
=337  \\$acomputer$2rdamedia
=338  \\$aonline resource$2rdacarrier
=490  0\$aBioinformatics -Oxford-$x1367-4803 ,$vvol 29 issue 13 2013
=591  \\$aPreprinted selected papers. Held jointly with the 12th European conference on computational biology 2013.
=595  \\$aESTAR title.
=540  \\$aCurrent copyright fee: zero$c29\0$5Uk
=653  1\$aComputational biology
=653  1\$aIntelligent systems
=653  1\$aMolecular biology
=653  1\$aISMB
=653  1\$aECCB
=773  0\$tBioinformatics$gv. 29, issue 13 (1 July 2013)
=856  \\$31850-9999$uhttp://ukcatalogue.oup.com/$xBLDSS
=852  41$aBritish Library$bHMNTS$jELD Digital store
=945  \\$aBioinformatics -Oxford- ISSN 1367-4803 ; vol 29 issue 13 2013
=CAT  \\$a10934$b40$c20130909$lBLL01$h1603
=CAT  \\$aBATCH-UPD$b00$c20141124$lBLL01$h1812
=CAT  \\$aBLDSS-3PM$b00$c20141208$lBLL01$h1628
=CAT  \\$aIPL-CLA$c20141231$lBLL01$h1704
=CAT  \\$aBATCH-UPD$b00$c20151119$lBLL01$h1552
=CAT  \\$aIPL-CLA$c20151231$lBLL01$h1935
=CAT  \\$aBATCH-UPD$b00$c20160523$lBLL01$h0801
=CAT  \\$aBATCH-UPD$b00$c20160524$lBLL01$h2215
=CAT  \\$aW1607-1323$c20160726$lBLL01$h1340
=CAT  \\$aW1607-1323$c20160810$lBLL01$h1440
=CAT  \\$aBATCH-UPD$b00$c20161122$lBLL01$h1522
=CAT  \\$aIPL-CLA$c20161231$lBLL01$h0013
=CAT  \\$aBATCH-UPD$b00$c20171121$lBLL01$h1705
=CAT  \\$aIPL-CLA$c20171231$lBLL01$h1820
=CAT  \\$aBATCH-UPD$b00$c20181217$lBLL01$h1653
=CAT  \\$aBATCH-CLA$b00$c20181218$lBLL01$h0122
=CAT  \\$aBATCH-CLA$b00$c20181218$lBLL01$h0139
=CAT  \\$aIPL-CLA$c20181231$lBLL01$h1553
=CAT  \\$aBATCH-CLA$b00$c20191207$lBLL01$h0108
=CAT  \\$aIPL-CLA$c20191231$lBLL01$h2035
=CAT  \\$aBATCH-UPD$b00$c20220308$lBLL01$h1736
=CAT  \\$aBATCH-CLA$b00$c20220309$lBLL01$h0140
=CAT  \\$aBATCH-CLA$b00$c20220309$lBLL01$h0145
=CAT  \\$aIPL-CLA$c20220331$lBLL01$h1952
=CAT  \\$aBATCH-CLA$b00$c20230303$lBLL01$h0120
=CAT  \\$aBATCH-SUPP$c20230426$lBLL01$h1110
=CFI  0\$aCurrent copyright fee: zero$c29\0$e02-mar-2023$fGBP0.00$g0$hP$5Uk
=EST  \\$a1
=FFP  \\$aY$bBLDSS-3PM
=FIN  \\$aY$d20130909
=LKR  \\$aANA$b012432218$lBLL01$nBioinformatics$mISMB/ECCB proceedings papers committee, July 21 to July 23, 2013, Berlin Germany$r773$y2013$v29$i13
=TCO  \\$aCLA$bCLA$c008
=UNO  \\$aY
=ACF  \\$aPrevious copyright fee: GBP20.00$c29\0$e21-feb-2014$fGBP20.00$g0$hP$5Uk
=ACF  \\$aPrevious copyright fee: GBP23.00$c29\0$e01-jan-2015$fGBP23.00$g0$hP$5Uk
=ACF  \\$aPrevious copyright fee: GBP24.00$c29\0$e01-jan-2016$fGBP24.00$g0$hP$5Uk
=LAS  \\$aBATCH-SUPP$b00$c20230426$lBLL01$h1110

