=LDR  03530caa a22008057i 4500
=001  016773563
=003  Uk
=005  20230426111100.0
=006  m\\\\||\\d\|\\\\\\
=007  cr\|||||||||||
=008  140708s2009\\\\enk\\\\\o\\\\|1|0\0|eng\\
=FMT  \\$a  BK
=040  \\$aUk$beng$cUk$erda
=CNF  \\$aIntelligent systems for molecular biology (Annual international conference)$n(17th :$d2009 Jun :$cStockholm)
=245  00$aISMB/ECCB 2009 Stockholm :$b17th annual international conference on intelligent systems for molecular biology (ISMB) held jointly with the 8th annual european conference on computational biology (ECCB).
=264  \1$a[Oxford] :$bOxford University Press,$c[2009]
=300  \\$a1 online resource (pages 1570-1573)
=336  \\$atext$2rdacontent
=337  \\$acomputer$2rdamedia
=338  \\$aonline resource$2rdacarrier
=490  0\$aBioinformatics -Oxford-,$x1367-4803 ,$vvol 25 no 12 2009
=591  \\$aReport.
=595  \\$aESTAR title.
=540  \\$aCurrent copyright fee: zero$c29\0$5Uk
=653  1\$aIntelligent systems
=653  1\$aMolecular biology
=653  1\$aComputational biology
=653  1\$aISMB
=653  2\$aECCB
=773  0\$tBioinformatics$gv. 25, no. 12 (June 2009)
=856  \\$31850-9999$uhttp://ukcatalogue.oup.com/$xBLDSS
=852  41$aBritish Library$bHMNTS$jELD Digital store
=945  \\$aBioinformatics -Oxford-, ISSN 1367-4803 ; vol 25 no 12 2009
=CAT  \\$a8342$b40$c20140708$lBLL01$h1216
=CAT  \\$aBATCH-CLA$b00$c20141125$lBLL01$h0050
=CAT  \\$aBLDSS-3PM$b00$c20141208$lBLL01$h1629
=CAT  \\$aIPL-CLA$c20141231$lBLL01$h1705
=CAT  \\$aBATCH-UPD$b00$c20151119$lBLL01$h1552
=CAT  \\$aIPL-CLA$c20151231$lBLL01$h1936
=CAT  \\$aBATCH-UPD$b00$c20160523$lBLL01$h0801
=CAT  \\$aBATCH-UPD$b00$c20160524$lBLL01$h2215
=CAT  \\$aW1607-1323$c20160726$lBLL01$h1341
=CAT  \\$aW1607-1323$c20160810$lBLL01$h1441
=CAT  \\$aBATCH-UPD$b00$c20161122$lBLL01$h1522
=CAT  \\$aIPL-CLA$c20161231$lBLL01$h0018
=CAT  \\$aBATCH-UPD$b00$c20171121$lBLL01$h1705
=CAT  \\$aIPL-CLA$c20171231$lBLL01$h1825
=CAT  \\$aBATCH-UPD$b00$c20181217$lBLL01$h1653
=CAT  \\$aBATCH-CLA$b00$c20181218$lBLL01$h0122
=CAT  \\$aBATCH-CLA$b00$c20181218$lBLL01$h0139
=CAT  \\$aIPL-CLA$c20181231$lBLL01$h1554
=CAT  \\$aBATCH-CLA$b00$c20191207$lBLL01$h0108
=CAT  \\$aIPL-CLA$c20191231$lBLL01$h2038
=CAT  \\$aBATCH-UPD$b00$c20220308$lBLL01$h1736
=CAT  \\$aBATCH-CLA$b00$c20220309$lBLL01$h0140
=CAT  \\$aBATCH-CLA$b00$c20220309$lBLL01$h0145
=CAT  \\$aIPL-CLA$c20220331$lBLL01$h1952
=CAT  \\$aBATCH-CLA$b00$c20230303$lBLL01$h0120
=CAT  \\$aBATCH-SUPP$c20230426$lBLL01$h1111
=CFI  0\$aCurrent copyright fee: zero$c29\0$e02-mar-2023$fGBP0.00$g0$hP$5Uk
=EST  \\$a1
=FFP  \\$aY$bBLDSS-3PM
=FIN  \\$aY$d20140708
=LKR  \\$aANA$b012432218$lBLL01$nBioinformatics$r773$y2009$v25$i12$mISMB/ECCB 2009 Stockholm : 17th annual international conference on intelligent systems for molecular biology (ISMB) held jointly with the 8th annual european conference on computational biology (ECCB)
=TCO  \\$aCLA$bCLA$c008
=UNO  \\$aY
=ACF  \\$aPrevious copyright fee: GBP20.00$c29\0$e01-jan-2013$fGBP20.00$g0$hP$5Uk
=ACF  \\$aPrevious copyright fee: GBP23.00$c29\0$e01-jan-2015$fGBP23.00$g0$hP$5Uk
=ACF  \\$aPrevious copyright fee: GBP24.00$c29\0$e01-jan-2016$fGBP24.00$g0$hP$5Uk
=LAS  \\$aBATCH-SUPP$b00$c20230426$lBLL01$h1111

