=LDR  03242caa a22007937a 4500
=001  016222580
=003  Uk
=005  20230426111041.0
=006  m\\\\||\\d\|\\\\\\
=007  cr\|||||||||||
=008  121203s2011\\\\enk\\\\\o\\\\|1|0\0|eng\\
=FMT  \\$a  BK
=040  \\$aUk$beng$cUk
=CNF  \\$aIntelligent systems for molecular biology (Annual international conference)$n(19th :$d2011 Jul :$cVienna)
=245  00$aISMB/ECCB 2011$h[electronic resource] :$b19th annual international conference on intelligent systems for molecular biology, joint with the 10th European conference on computational biology.
=260  \\$bOxford University Press,$c2011.
=300  \\$a1 online resource (p. i1-i411)
=336  \\$atext$2rdacontent
=337  \\$acomputer$2rdamedia
=338  \\$aonline resource$2rdacarrier
=490  0\$aBioinformatics -Oxford-$x1367-4803 ,$vv 27 iss 13 2011
=591  \\$aSelected preprinted papers.
=595  \\$aESTAR title.
=540  \\$aCurrent copyright fee: zero$c29\0$5Uk
=653  1\$aISMB
=653  1\$aECCB
=653  1\$aIntelligent systems
=653  1\$aMolecular biology
=653  2\$aComputational biology
=773  0\$tBioinformatics$gVol. 27, iss. 13 (July 2011)
=856  \\$31850-9999$uhttp://ukcatalogue.oup.com/$xBLDSS
=852  41$aBritish Library$bHMNTS$jELD Digital store
=945  \\$aBioinformatics -Oxford- ISSN 1367-4803 ; v 27 iss 13 2011
=CAT  \\$a6162$b40$c20121203$lBLL01$h1209
=CAT  \\$aBATCH-UPD$b00$c20151119$lBLL01$h1552
=CAT  \\$aIPL-CLA$c20151231$lBLL01$h1934
=CAT  \\$aBATCH-UPD$b00$c20160523$lBLL01$h0801
=CAT  \\$aBATCH-CLA$b00$c20160524$lBLL01$h0109
=CAT  \\$aBATCH-UPD$b00$c20160524$lBLL01$h2215
=CAT  \\$aW1607-1323$c20160726$lBLL01$h1340
=CAT  \\$aBATCH-CLA$b00$c20160727$lBLL01$h0131
=CAT  \\$aW1607-1323$c20160810$lBLL01$h1440
=CAT  \\$aBATCH-CLA$b00$c20160811$lBLL01$h0137
=CAT  \\$aBATCH-UPD$b00$c20161122$lBLL01$h1522
=CAT  \\$aIPL-CLA$c20161231$lBLL01$h0007
=CAT  \\$aBATCH-UPD$b00$c20171121$lBLL01$h1705
=CAT  \\$aIPL-CLA$c20171231$lBLL01$h1816
=CAT  \\$aBATCH-UPD$b00$c20181217$lBLL01$h1653
=CAT  \\$aBATCH-CLA$b00$c20181218$lBLL01$h0122
=CAT  \\$aBATCH-CLA$b00$c20181218$lBLL01$h0139
=CAT  \\$aIPL-CLA$c20181231$lBLL01$h1552
=CAT  \\$aBATCH-CLA$b00$c20191207$lBLL01$h0108
=CAT  \\$aIPL-CLA$c20191231$lBLL01$h2033
=CAT  \\$aBATCH-UPD$b00$c20220308$lBLL01$h1735
=CAT  \\$aBATCH-CLA$b00$c20220309$lBLL01$h0140
=CAT  \\$aBATCH-CLA$b00$c20220309$lBLL01$h0145
=CAT  \\$aIPL-CLA$c20220331$lBLL01$h1952
=CAT  \\$aBATCH-CLA$b00$c20230303$lBLL01$h0120
=CAT  \\$aBATCH-SUPP$c20230426$lBLL01$h1110
=CFI  0\$aCurrent copyright fee: zero$c29\0$e02-mar-2023$fGBP0.00$g0$hP$5Uk
=EST  \\$a1
=FFP  \\$aY$bBLDSS-3PM
=FIN  \\$aY$d20121203
=LKR  \\$aANA$b012432218$lBLL01$nBioinformatics$mISMB/ECCB 2011$r773$y2011$v27$i13
=TCO  \\$aCLA$bCLA$c008
=UNO  \\$aY
=ACF  \\$aPrevious copyright fee: GBP20.00$c29\0$e01-jan-2013$fGBP20.00$g0$hP$5Uk
=ACF  \\$aPrevious copyright fee: GBP24.00$c29\0$e01-jan-2016$fGBP24.00$g0$hP$5Uk
=LAS  \\$aBATCH-SUPP$b00$c20230426$lBLL01$h1110

